@misc{whatsapphomepage,
author = "{W}hatsApp",
title = {\emph{whatsapp.com} [online]},
note = {[accessed 2016-01-26]},
month = jan,
year = 2016,
url = {https://www.whatsapp.com/?l=en},
type = {web page}
}

@misc{whatsappusers,
author = "BBC",
title = {\emph{bbc.com} [online]},
note = {[accessed 2016-02-02]},
month = feb,
year = 2016,
url = {http://www.bbc.com/news/technology-35459812},
type = {web page}
}

@misc{whatsappforbes,
author = "{F}orbes",
title = {\emph{forbes.com} [online]},
note = {[accessed 2016-01-26]},
month = feb,
year = 2014,
url = {http://www.forbes.com/sites/parmyolson/2014/02/19/exclusive-inside-story-how-jan-koum-built-whatsapp-into-facebooks-new-19-billion-baby},
type = {web page}
}

@misc{openwhisperwhatsapp,
author = "{O}pen {W}hisper {S}ystems",
title = {\emph{whispersystems.org} [online]},
note = {[accessed 2016-01-26]},
month = nov,
year = 2014,
url = {https://whispersystems.org/blog/whatsapp/},
type = {web page}
}


@misc{facebookwhatsappbuy,
author = "{C}NN",
title = {\emph{money.cnn.com} [online]},
note = {[accessed 2016-01-26]},
month = feb,
year = 2014,
url = {http://money.cnn.com/2014/02/19/technology/social/facebook-whatsapp/},
type = {web page}
}


@misc{telegramfaq,
author = "{T}elegram",
title = {\emph{telegram.org} [online]},
note = {[accessed 2016-01-26]},
url = {https://telegram.org/faq},
type = {web page}
}

@misc{telegramcontest,
author = "{T}elegram",
title = {\emph{telegram.org} [online]},
note = {[accessed 2016-01-26]},
month = dec,
year = 2016,
url = {https://telegram.org/blog/cryptocontest},
type = {web page}
}

@misc{whatsappbrazil,
author = "{T}echCrunch",
title = {\emph{techcrunch.com} [online]},
note = {[accessed 2016-01-26]},
month = dec,
year = 2015,
url = {http://www.techcrunch.com/2015/12/16/brazils-congress-has-shut-down-whatsapp-tonight-and-the-rest-of-the-social-web-could-be-next},
type = {web page}
}

@misc{telegramcontestfail,
author = "Moxie Marlinspike",
title = {\emph{thoughtcrime.org} [online]},
note = {[accessed 2016-01-26]},
month = dec,
year = 2013,
url = {http://thoughtcrime.org/blog/telegram-crypto-challenge/},
type = {web page}
}

@misc{telegramcontestfail2,
author = "{C}rypto {F}ails",
title = {\emph{cryptofails.com} [online]},
note = {[accessed 2016-01-26]},
month = dec,
year = 2013,
url = {http://www.cryptofails.com/post/70546720222/telegrams-cryptanalysis-contest},
type = {web page}
}

@misc{signalmerge,
author = "{O}pen {W}hisper {S}ystems",
title = {\emph{whispersystems.org} [online]},
note = {[accessed 2016-01-26]},
month = nov,
year = 2015,
url = {https://whispersystems.org/blog/just-signal/},
type = {web page}
}

@misc{threemahomepage,
author = "{B}usiness Insider UK",
title = {\emph{uk.businessinsider.com} [online]},
note = {[accessed 2016-01-26]},
month = jun,
year = 2015,
url = {http://uk.businessinsider.com/threema-encryption-messaging-app-america-launch-isis-2015-6},
type = {web page}
}


@misc{threemausers,
author = "{T}hreema",
title = {\emph{threema.ch} [online]},
note = {[accessed 2016-01-26]},
url = {https://threema.ch/en},
type = {web page}
}

@misc{wechatusers,
author = "technode",
title = {\emph{technode.com} [online]},
note = {[accessed 2016-01-26]},
month = aug,
year = 2015,
url = {http://technode.com/2015/08/14/wechat-600m-mau/},
type = {web page}
}

@misc{wechatfeatures,
author = "WeChat",
title = {\emph{wechat.com} [online]},
note = {[accessed 2016-01-26]},
url = {http://www.wechat.com/en/features.html},
type = {web page}
}

@misc{whatsapp-shootingthemsg,
author = "Andreas Kurtz",
title = {\emph{andreas-kurtz.de} [online]},
note = {[accessed 2016-01-31]},
url = {http://www.andreas-kurtz.de/2011/09/shooting-messenger.html},
month = sep,
year = 2011,
type = {web page}
}

@misc{whatsapp-hijack1,
author = "Rickey Gevers",
title = {\emph{rickey-g.blogspot.com} [online]},
note = {[accessed 2016-01-31]},
url = {http://rickey-g.blogspot.com/2011/05/hijack-someone-elses-whatsapp-with-your.html},
month = sep,
year = 2011,
type = {web page}
}

@misc{whatsapp-xmpp,
author = "Chat API: FunXMPP Protocol",
title = {\emph{github.com/mgp25/Chat-API} [online]},
note = {[accessed 2016-01-31]},
url = {https://github.com/mgp25/Chat-API/wiki/FunXMPP-Protocol},
month = dec,
year = 2014,
type = {web page}
}

@misc{whatsapp-imei,
author = "Philipp C. Heckel",
title = {\emph{heckel.xyz} [online]},
note = {[accessed 2016-01-31]},
url = {https://blog.heckel.xyz/2013/07/05/how-to-sniff-the-whatsapp-password-from-your-android-phone-or-iphone/},
month = jul,
year = 2013,
type = {web page}
}

@misc{whatsapp-imei2,
author = "Dhawal Damania",
title = {\emph{thednetworks.com} [online]},
note = {[accessed 2016-01-31]},
url = {http://thednetworks.com/2012/09/09/whatsapp-imei-password-md5-inverted-hack/},
month = sep,
year = 2012,
type = {web page}
}

@misc{whatsapp-plaintext,
author = "Yourdaily.moc",
title = {\emph{yourdailymac.net} [online]},
note = {[accessed 2016-02-02]},
url = {http://www.yourdailymac.net/2011/05/whatsapp-leaks-usernames-telephone-numbers-and-messages/},
month = may,
year = 2011,
type = {web page}
}

@misc{whatsapp-sniffer,
author = "Cameron Summerson",
title = {\emph{androidpolice.com} [online]},
note = {[accessed 2016-02-02]},
url = {http://www.androidpolice.com/2012/05/02/whatsappsniffer-shames-whatsapps-plaintext-unprotected-chat-transfer-protocol-shows-off-just-how-much-can-be-sniffed/},
month = may,
year = 2012,
type = {web page}
}

@misc{whatsapp-sniffer2,
author = "The H",
title = {\emph{h-online.com} [online]},
note = {[accessed 2016-02-02]},
url = {http://www.h-online.com/security/news/item/Sniffer-tool-displays-other-people-s-WhatsApp-messages-1574382.html},
month = may,
year = 2012,
type = {web page}
}

@misc{whatsapp-sniffernomore,
author = "The H",
title = {\emph{h-online.com} [online]},
note = {[accessed 2016-02-02]},
url = {http://www.h-online.com/security/news/item/WhatsApp-no-longer-sends-plain-text-1674723.html},
month = aug,
year = 2012,
type = {web page}
}

@misc{whatsapp-encstate,
author = "Fabian Scherschel",
title = {\emph{heise.de} [online]},
note = {[accessed 2016-02-02]},
url = {http://www.heise.de/ct/artikel/Keeping-Tabs-on-WhatsApp-s-Encryption-2630361.html},
month = apr,
year = 2015,
type = {web page}
}

@misc{whatsapp-rc4,
author = "Thijs Alkemade",
title = {\emph{blog.thijsalkema.de} [online]},
note = {[accessed 2016-02-02]},
url = {https://blog.thijsalkema.de/blog/2013/10/08/piercing-through-whatsapp-s-encryption/},
month = oct,
year = 2013,
type = {web page}
}

@misc{whatsapp-rc42,
author = "Thomas Brewster",
title = {\emph{techweekeurope.co.uk} [online]},
note = {[accessed 2016-02-02]},
url = {http://www.techweekeurope.co.uk/workspace/whatsapp-encryption-security-128964},
month = oct,
year = 2013,
type = {web page}
}

@misc{eff-score,
author = "EFF Secure Messaging Scorecard",
title = {\emph{eff.org} [online]},
note = {[accessed 2016-02-02]},
url = {https://www.eff.org/secure-messaging-scorecard},
type = {web page}
}

@misc{whatsapp-faq,
author = "WhatsApp FAQ",
title = {\emph{whatsapp.org} [online]},
note = {[accessed 2016-02-02]},
url = {https://www.whatsapp.com/faq/en/general/21864047},
type = {web page}
}

@misc{telegram-server,
author = "Peter Petrielli",
title = {\emph{techglobule.com} [online]},
note = {[accessed 2016-02-02]},
url = {http://techglobule.com/2015/07/telegram-messenger/},
type = {web page},
month = jul,
year = 2015
}

@misc{telegram-users,
author = "Vlad Savov",
title = {\emph{theverge.com} [online]},
note = {[accessed 2016-02-02]},
url = {http://www.theverge.com/2015/12/17/10386776/brazil-whatsapp-ban-telegram-millions-users},
type = {web page},
month = dec,
year = 2015
}



